%YAML 1.1
%TAG !u! tag:unity3d.com,2011:
--- !u!1001 &100100000
Prefab:
  m_ObjectHideFlags: 1
  serializedVersion: 2
  m_Modification:
    m_TransformParent: {fileID: 0}
    m_Modifications: []
    m_RemovedComponents: []
  m_ParentPrefab: {fileID: 0}
  m_RootGameObject: {fileID: 1649159341544054}
  m_IsPrefabParent: 1
--- !u!1 &1199953138875246
GameObject:
  m_ObjectHideFlags: 1
  m_PrefabParentObject: {fileID: 0}
  m_PrefabInternal: {fileID: 100100000}
  serializedVersion: 5
  m_Component:
  - component: {fileID: 4302513210845150}
  - component: {fileID: 212100755544173336}
  m_Layer: 0
  m_Name: enemy_sprite
  m_TagString: Untagged
  m_Icon: {fileID: 0}
  m_NavMeshLayer: 0
  m_StaticEditorFlags: 0
  m_IsActive: 1
--- !u!1 &1552499930569378
GameObject:
  m_ObjectHideFlags: 0
  m_PrefabParentObject: {fileID: 0}
  m_PrefabInternal: {fileID: 100100000}
  serializedVersion: 5
  m_Component:
  - component: {fileID: 4166588031563700}
  - component: {fileID: 212983558018423006}
  m_Layer: 0
  m_Name: shadow
  m_TagString: Untagged
  m_Icon: {fileID: 0}
  m_NavMeshLayer: 0
  m_StaticEditorFlags: 0
  m_IsActive: 1
--- !u!1 &1633939230692086
GameObject:
  m_ObjectHideFlags: 0
  m_PrefabParentObject: {fileID: 0}
  m_PrefabInternal: {fileID: 100100000}
  serializedVersion: 5
  m_Component:
  - component: {fileID: 4665637104238044}
  m_Layer: 0
  m_Name: View
  m_TagString: Untagged
  m_Icon: {fileID: 0}
  m_NavMeshLayer: 0
  m_StaticEditorFlags: 0
  m_IsActive: 1
--- !u!1 &1649159341544054
GameObject:
  m_ObjectHideFlags: 0
  m_PrefabParentObject: {fileID: 0}
  m_PrefabInternal: {fileID: 100100000}
  serializedVersion: 5
  m_Component:
  - component: {fileID: 4483414817128802}
  - component: {fileID: 114325648204645644}
  - component: {fileID: 114160653369152746}
  - component: {fileID: 114609663332793300}
  - component: {fileID: 114002968971966946}
  - component: {fileID: 114074308777333426}
  m_Layer: 0
  m_Name: enemy_flower
  m_TagString: Untagged
  m_Icon: {fileID: 0}
  m_NavMeshLayer: 0
  m_StaticEditorFlags: 0
  m_IsActive: 1
--- !u!4 &4166588031563700
Transform:
  m_ObjectHideFlags: 1
  m_PrefabParentObject: {fileID: 0}
  m_PrefabInternal: {fileID: 100100000}
  m_GameObject: {fileID: 1552499930569378}
  m_LocalRotation: {x: -0, y: -0, z: -0, w: 1}
  m_LocalPosition: {x: 0.004, y: 0.006, z: 0.119}
  m_LocalScale: {x: 0.42715248, y: 0.24268542, z: 1.0000471}
  m_Children: []
  m_Father: {fileID: 4483414817128802}
  m_RootOrder: 1
  m_LocalEulerAnglesHint: {x: 0, y: 0, z: 0}
--- !u!4 &4302513210845150
Transform:
  m_ObjectHideFlags: 1
  m_PrefabParentObject: {fileID: 0}
  m_PrefabInternal: {fileID: 100100000}
  m_GameObject: {fileID: 1199953138875246}
  m_LocalRotation: {x: -0, y: -0, z: -0, w: 1}
  m_LocalPosition: {x: 0, y: 1.208, z: 0}
  m_LocalScale: {x: 1, y: 1, z: 1}
  m_Children: []
  m_Father: {fileID: 4665637104238044}
  m_RootOrder: 0
  m_LocalEulerAnglesHint: {x: 0, y: 0, z: 0}
--- !u!4 &4483414817128802
Transform:
  m_ObjectHideFlags: 1
  m_PrefabParentObject: {fileID: 0}
  m_PrefabInternal: {fileID: 100100000}
  m_GameObject: {fileID: 1649159341544054}
  m_LocalRotation: {x: -0, y: -0, z: -0, w: 1}
  m_LocalPosition: {x: -132.136, y: -86.555626, z: -1083.9077}
  m_LocalScale: {x: 1, y: 1, z: 1}
  m_Children:
  - {fileID: 4665637104238044}
  - {fileID: 4166588031563700}
  m_Father: {fileID: 0}
  m_RootOrder: 0
  m_LocalEulerAnglesHint: {x: 0, y: 0, z: 0}
--- !u!4 &4665637104238044
Transform:
  m_ObjectHideFlags: 1
  m_PrefabParentObject: {fileID: 0}
  m_PrefabInternal: {fileID: 100100000}
  m_GameObject: {fileID: 1633939230692086}
  m_LocalRotation: {x: 0, y: 0, z: 0, w: 1}
  m_LocalPosition: {x: -0.028, y: -0.108, z: 0}
  m_LocalScale: {x: 0.5, y: 0.5, z: 0.5}
  m_Children:
  - {fileID: 4302513210845150}
  m_Father: {fileID: 4483414817128802}
  m_RootOrder: 0
  m_LocalEulerAnglesHint: {x: 0, y: 0, z: 0}
--- !u!114 &114002968971966946
MonoBehaviour:
  m_ObjectHideFlags: 1
  m_PrefabParentObject: {fileID: 0}
  m_PrefabInternal: {fileID: 100100000}
  m_GameObject: {fileID: 1649159341544054}
  m_Enabled: 1
  m_EditorHideFlags: 0
  m_Script: {fileID: 11500000, guid: f124adad2e80fa34288f87a6403704c0, type: 3}
  m_Name: 
  m_EditorClassIdentifier: 
  _BulletVelocity: 8
  _ShootDeltaTime: 0.2
  _NumberOfSequences: 8
  roarSound: {fileID: 8300000, guid: e8ff69f0827889a45837ee4e7c87273c, type: 3}
--- !u!114 &114074308777333426
MonoBehaviour:
  m_ObjectHideFlags: 1
  m_PrefabParentObject: {fileID: 0}
  m_PrefabInternal: {fileID: 100100000}
  m_GameObject: {fileID: 1649159341544054}
  m_Enabled: 1
  m_EditorHideFlags: 0
  m_Script: {fileID: 11500000, guid: 0c1828b16133a76459548226880da8bb, type: 3}
  m_Name: 
  m_EditorClassIdentifier: 
  _Graphics: {fileID: 4302513210845150}
  _Angle: 10
  _Frequency: 15
  _Current: 0
  _Height:
    serializedVersion: 2
    m_Curve:
    - serializedVersion: 2
      time: -0.005988024
      value: 1.0041151
      inSlope: 0
      outSlope: 0
      tangentMode: 136
    - serializedVersion: 2
      time: 0.9952096
      value: 0.0020576129
      inSlope: 0
      outSlope: 0
      tangentMode: 136
    m_PreInfinity: 2
    m_PostInfinity: 2
    m_RotationOrder: 0
  _HeightScale: 0.1
  _Threshold: 0.05
--- !u!114 &114160653369152746
MonoBehaviour:
  m_ObjectHideFlags: 1
  m_PrefabParentObject: {fileID: 0}
  m_PrefabInternal: {fileID: 100100000}
  m_GameObject: {fileID: 1649159341544054}
  m_Enabled: 1
  m_EditorHideFlags: 0
  m_Script: {fileID: 11500000, guid: 20aaa001cd11775439501a25bcdd0ee3, type: 3}
  m_Name: 
  m_EditorClassIdentifier: 
  _MaxMovementVelocity: 10
  StopMovement: 0
  Direction: {x: 0, y: 0}
--- !u!114 &114325648204645644
MonoBehaviour:
  m_ObjectHideFlags: 1
  m_PrefabParentObject: {fileID: 0}
  m_PrefabInternal: {fileID: 100100000}
  m_GameObject: {fileID: 1649159341544054}
  m_Enabled: 1
  m_EditorHideFlags: 0
  m_Script: {fileID: 11500000, guid: 62f018bd27019e54086712e539074f35, type: 3}
  m_Name: 
  m_EditorClassIdentifier: 
  _HitBoxRadius: 1
  _Collidable: 1
  _Damage: 0
  _Renderer: {fileID: 212100755544173336}
  _BlueMaterial: {fileID: 2100000, guid: f68e035bbe8405849ae8d9471c897f2d, type: 2}
  _RedMaterial: {fileID: 2100000, guid: 99a0ca876204ff944957415e491e077d, type: 2}
  StopMovement: 0
--- !u!114 &114609663332793300
MonoBehaviour:
  m_ObjectHideFlags: 1
  m_PrefabParentObject: {fileID: 0}
  m_PrefabInternal: {fileID: 100100000}
  m_GameObject: {fileID: 1649159341544054}
  m_Enabled: 1
  m_EditorHideFlags: 0
  m_Script: {fileID: 11500000, guid: af9191ec129367441825aebd093dacc3, type: 3}
  m_Name: 
  m_EditorClassIdentifier: 
  _View: {fileID: 212100755544173336}
  deathClip: {fileID: 8300000, guid: 7f45f86759a5ef04ab6c08278b8dcf20, type: 3}
  _Left: {fileID: 21300000, guid: 8ff52a09a7f61ea449a45d59c3aadb68, type: 3}
  _Right: {fileID: 21300000, guid: 8743c3d66b17ab74cad0741fc6061c96, type: 3}
  _Up: {fileID: 21300000, guid: 95eb89dad8dfafd4194eb0456c60f3b5, type: 3}
  _Down: {fileID: 21300000, guid: bfb907cac0f6e4e4d9fc1a96f3f35f06, type: 3}
  _Explosion:
  - {fileID: 21300000, guid: 4f85d576074cc7944a40c66ac51e2253, type: 3}
  - {fileID: 21300000, guid: c335045bf0c6bde4484c7c8989f821eb, type: 3}
  - {fileID: 21300000, guid: 853dcaeaa69cf944f9c9f0a46c4e7d50, type: 3}
  - {fileID: 21300000, guid: a71e28c44d4dac544a87b4b5c446aa02, type: 3}
  - {fileID: 21300000, guid: 5ff355e528f438241a8418599c4d52bf, type: 3}
  - {fileID: 21300000, guid: 1479b2d3115035d44888f56980ba0c32, type: 3}
  _TimePerExplosionFrame: 0.1
--- !u!212 &212100755544173336
SpriteRenderer:
  m_ObjectHideFlags: 1
  m_PrefabParentObject: {fileID: 0}
  m_PrefabInternal: {fileID: 100100000}
  m_GameObject: {fileID: 1199953138875246}
  m_Enabled: 1
  m_CastShadows: 0
  m_ReceiveShadows: 0
  m_MotionVectors: 1
  m_LightProbeUsage: 0
  m_ReflectionProbeUsage: 0
  m_Materials:
  - {fileID: 2100000, guid: f68e035bbe8405849ae8d9471c897f2d, type: 2}
  m_StaticBatchInfo:
    firstSubMesh: 0
    subMeshCount: 0
  m_StaticBatchRoot: {fileID: 0}
  m_ProbeAnchor: {fileID: 0}
  m_LightProbeVolumeOverride: {fileID: 0}
  m_ScaleInLightmap: 1
  m_PreserveUVs: 0
  m_IgnoreNormalsForChartDetection: 0
  m_ImportantGI: 0
  m_SelectedEditorRenderState: 0
  m_MinimumChartSize: 4
  m_AutoUVMaxDistance: 0.5
  m_AutoUVMaxAngle: 89
  m_LightmapParameters: {fileID: 0}
  m_SortingLayerID: 0
  m_SortingOrder: 0
  m_Sprite: {fileID: 21300000, guid: 8ff52a09a7f61ea449a45d59c3aadb68, type: 3}
  m_Color: {r: 1, g: 1, b: 1, a: 1}
  m_FlipX: 0
  m_FlipY: 0
--- !u!212 &212983558018423006
SpriteRenderer:
  m_ObjectHideFlags: 1
  m_PrefabParentObject: {fileID: 0}
  m_PrefabInternal: {fileID: 100100000}
  m_GameObject: {fileID: 1552499930569378}
  m_Enabled: 1
  m_CastShadows: 0
  m_ReceiveShadows: 0
  m_MotionVectors: 1
  m_LightProbeUsage: 0
  m_ReflectionProbeUsage: 0
  m_Materials:
  - {fileID: 10754, guid: 0000000000000000f000000000000000, type: 0}
  m_StaticBatchInfo:
    firstSubMesh: 0
    subMeshCount: 0
  m_StaticBatchRoot: {fileID: 0}
  m_ProbeAnchor: {fileID: 0}
  m_LightProbeVolumeOverride: {fileID: 0}
  m_ScaleInLightmap: 1
  m_PreserveUVs: 0
  m_IgnoreNormalsForChartDetection: 0
  m_ImportantGI: 0
  m_SelectedEditorRenderState: 0
  m_MinimumChartSize: 4
  m_AutoUVMaxDistance: 0.5
  m_AutoUVMaxAngle: 89
  m_LightmapParameters: {fileID: 0}
  m_SortingLayerID: 0
  m_SortingOrder: 0
  m_Sprite: {fileID: 21300000, guid: da3d8e131487cd64eb9f841eb19b00af, type: 3}
  m_Color: {r: 1, g: 1, b: 1, a: 1}
  m_FlipX: 0
  m_FlipY: 0
